@book{arvis2016,
  title={Connecting to Compete 2016: Trade Logistics in the Global Economy – The Logistics Performance Index and Its Indicators},
  author={Arvis, Jean-François and Saslavsky, Daniel and Ojala, Lauri and Shepherd, Ben and Busch, Christina and Raj, Anasuya and Naula, Tapio},
  year={2016},
  publisher={World Bank Group},
  address={Washington, DC}
}

@book{arvis2018,
  title={Connecting to Compete 2018: Trade Logistics in the Global Economy – The Logistics Performance Index and Its Indicators},
  author={Arvis, Jean-François and Ojala, Lauri and Wiederer, Christina and Shepherd, Ben and Rajand, Anasuya and Dairabayeva, Karlygash and Kiiski, Tuomas},
  year={2018},
  publisher={World Bank Group},
  address={Washington, DC}
}

@book{arvis2023,
  title={Connecting to Compete 2023: Trade Logistics in the Global Economy – The Logistics Performance Index and Its Indicators},
  author={Arvis, Jean-François and Ojala, Lauri and Shepherd, Ben and Ulybina, Dina and Wiederer, Christina},
  year={2023},
  publisher={World Bank Group},
  address={Washington, DC}
}

@article{babayigit2023,
  title={Logistics performance index estimating with artificial intelligence},
  author={Babayigit, Bulent and Gürbüz, Fatih and Denizhan, Burak},
  journal={International Journal of Shipping and Transport Logistics},
  volume={16},
  number={3-4},
  pages={360--371},
  year={2023}
}

@article{beysenbaev2020,
  title={Proposals for improving the logistics performance index},
  author={Beysenbaev, Ruslan and Dus, Yerkin},
  journal={The Asian Journal of Shipping and Logistics},
  volume={36},
  number={1},
  pages={34--42},
  year={2020}
}

@article{beysenbaev2020,
  title={Proposals for improving the logistics performance index},
  author={Beysenbaev, Ruslan and Dus, Yerkin},
  journal={The Asian Journal of Shipping and Logistics},
  volume={36},
  number={1},
  pages={34--42},
  year={2020}
}

@article{carroll1978,
  title={The effect of imagining an event on expectations for the event: An interpretation in terms of the availability heuristic},
  author={Carroll, John S.},
  journal={Journal of Experimental Social Psychology},
  volume={14},
  number={1},
  pages={88--96},
  year={1978}
}

@article{civelek2015,
  title={The mediator effect of logistics performance index on the relation between global competitiveness index and gross domestic product},
  author={Civelek, Mehmet E. and Uca, Nazif and \c{C}emberci, Mustafa},
  journal={European Scientific Journal},
  volume={11},
  number={13},
  year={2015}
}

@book{hair2010,
  title={Multivariate Data Analysis},
  author={Hair, Joseph F. and Black, William and Babin, Barry and Anderson, Rolph E.},
  edition={7},
  publisher={Pearson},
  address={New Jersey},
  year={2010}
}


@book{maroco2018,
  title={An{\'a}lise Estat{\'i}stica com o SPSS Statistics},
  author={Mar{\^o}co, Jo{\~a}o},
  edition={7},
  year={2018}
}

@article{marti2014,
  title={The importance of the Logistics Performance Index in international trade},
  author={Mart{\'i}, Luis and Puertas, Rodolfo and Garc{\'i}a, Luis},
  journal={Applied Economics},
  volume={46},
  number={24},
  pages={2982--2992},
  year={2014}
}

@book{pestana2008,
  title={An{\'a}lise de dados para ci{\^e}ncias sociais: a complementaridade do SPSS},
  author={Pestana, Miguel H. and Gageiro, Jo{\~a}o N.},
  publisher={S{\'i}labo},
  address={Lisboa},
  year={2008}
}

@article{polat2023,
  title={Competitiveness based logistics performance index: An empirical analysis in Organisation for Economic Co-operation and Development countries},
  author={Polat, Mustafa and Kara, Kemal and Acar, Aziz Z.},
  journal={Competition and Regulation in Network Industries},
  volume={24},
  number={2-3},
  pages={97--119},
  year={2023}
}

@article{rezaei2018,
  title={Measuring the relative importance of the logistics performance index indicators using Best Worst Method},
  author={Rezaei, Jafar and van Roekel, Wouter S. and Tavasszy, Lorant},
  journal={Transport Policy},
  volume={68},
  pages={158--169},
  year={2018}
}

@article{sharif2024,
  title={Leveraging Technology for Sustainable Logistics: Logistics Performance Index in Inland Ports with Eco Strategy and Sustainable Practices},
  author={Sharif, Muhammad and Yiaw, Bo and Ismail, Anuar and Khand, Umi and Hassan, Ghassan and Shahrn, Ahmed},
  journal={International Journal of Intelligent Systems and Applications in Engineering},
  volume={12},
  number={1},
  pages={666--675},
  year={2024}
}

@article{shepherd2023,
  title={Extending and understanding: an application of machine learning to the World Bank’s logistics performance index},
  author={Shepherd, Ben and Sriklay, Thanachart},
  journal={International Journal of Physical Distribution \& Logistics Management},
  volume={53},
  number={9},
  pages={985--1014},
  year={2023}
}

@article{watkins2018,
  title={Exploratory factor analysis: A guide to best practice},
  author={Watkins, Michael W.},
  journal={Journal of Black Psychology},
  volume={44},
  number={3},
  pages={219--246},
  year={2018}
}

@misc{worldbank2024,
  author = "{World Bank}",
  title = {Logistics Performance Index Homepage},
  howpublished = {\url{https://lpi.worldbank.org/international/global}},
  note = {Accessed: 2024-01-30},
  year = {2024}
}
