%a
@book{arvis2016,
  title={Connecting to Compete 2016: Trade Logistics in the Global Economy – The Logistics Performance Index and Its Indicators},
  author={Arvis, Jean-François and Saslavsky, Daniel and Ojala, Lauri and Shepherd, Ben and Busch, Christina and Raj, Anasuya and Naula, Tapio},
  year={2016},
  publisher={World Bank Group},
  address={Washington, DC}
}

@book{arvis2018,
  title={Connecting to Compete 2018: Trade Logistics in the Global Economy – The Logistics Performance Index and Its Indicators},
  author={Arvis, Jean-François and Ojala, Lauri and Wiederer, Christina and Shepherd, Ben and Rajand, Anasuya and Dairabayeva, Karlygash and Kiiski, Tuomas},
  year={2018},
  publisher={World Bank Group},
  address={Washington, DC}
}

@book{arvis2023,
  title={Connecting to Compete 2023: Trade Logistics in the Global Economy – The Logistics Performance Index and Its Indicators},
  author={Arvis, Jean-François and Ojala, Lauri and Shepherd, Ben and Ulybina, Dina and Wiederer, Christina},
  year={2023},
  publisher={World Bank Group},
  address={Washington, DC}
}

%b
@article{babayigit2023,
  title={Logistics performance index estimating with artificial intelligence},
  author={Babayigit, Bulent and Gürbüz, Fatih and Denizhan, Burak},
  journal={International Journal of Shipping and Transport Logistics},
  volume={16},
  number={3-4},
  pages={360--371},
  year={2023}
}


@article{beysenbaev2020,
  title={Proposals for improving the logistics performance index},
  author={Beysenbaev, Ruslan and Dus, Yerkin},
  journal={The Asian Journal of Shipping and Logistics},
  volume={36},
  number={1},
  pages={34--42},
  year={2020}
}

@article{bro2014principal,
  title={Principal component analysis},
  author={Bro, Rasmus and Smilde, Age K},
  journal={Analytical Methods},
  year={2014},
  publisher={Royal Society of Chemistry}
}


%c

@article{candes2011robust,
  title={Robust principal component analysis?},
  author={Cand{\`e}s, Emmanuel J and Li, Xiaodong and Ma, Yi and Wright, John},
  journal={Journal of the ACM (JACM)},
  volume={58},
  number={3},
  pages={1--37},
  year={2011},
  publisher={ACM}
}

@article{carroll1978,
  title={The effect of imagining an event on expectations for the event: An interpretation in terms of the availability heuristic},
  author={Carroll, John S.},
  journal={Journal of Experimental Social Psychology},
  volume={14},
  number={1},
  pages={88--96},
  year={1978}
}

@article{civelek2015,
  title={The mediator effect of logistics performance index on the relation between global competitiveness index and gross domestic product},
  author={Civelek, Mehmet E. and Uca, Nazif and \c{C}emberci, Mustafa},
  journal={European Scientific Journal},
  volume={11},
  number={13},
  year={2015}
}


@proceedings{correiaICIE,
    title ={International Logistics Performance Feature Extraction Insights and Portugal's Global Positioning,Proc.\ International Conference Innovation In Engineering, São Miguel Island, Azores, Portugal},
  booktitle = {Proc.\ International Conference Innovation In Engineering},
publisher = {Springer},
      author={Correia, A. and Mendes D.},
    year = {2024}
}


%d
%e
%f
%g
%h
@book{hair2010,
  title={Multivariate Data Analysis},
  author={Hair, Joseph F. and Black, William and Babin, Barry and Anderson, Rolph E.},
  edition={7},
  publisher={Pearson},
  address={New Jersey},
  year={2010}
}

@article{hasan2021review,
  title={A review of principal component analysis algorithm for dimensionality reduction},
  author={Hasan, Bahaa M Sabbar and Abdulazeez, Adnan M},
  journal={Journal of Soft Computing and Data Mining},
  volume={2},
  number={1},
  pages={34--45},
  year={2021},
  publisher={UTHM Publishing}
}

%i
@article{ivosev2008dimensionality,
  title={Dimensionality reduction and visualization in principal component analysis},
  author={Ivosev, Gordana and Burton, Lucas and Bonner, Ron},
  journal={Analytical Chemistry},
  volume={80},
  number={17},
  pages={6717--6725},
  year={2008},
  publisher={ACS Publications}
}

%j
@article{jarmund2022alasca,
  title={ALASCA: an R package for longitudinal and cross-sectional analysis of multivariate data by ASCA-based methods},
  author={Jarmund, Anders Hagen and Madssen, Torfinn St{\o}ve and Giske{\o}deg{\aa}rd, Guro F},
  journal={Frontiers in Molecular Biosciences},
  volume={9},
  pages={962431},
  year={2022},
  publisher={Frontiers}
}

@article{jolliffe2016principal,
  title={Principal component analysis: A review and recent developments},
  author={Jolliffe, Ian T and Cadima, Jorge},
  journal={Philosophical Transactions of the Royal Society A},
  volume={374},
  number={2065},
  year={2016}
}



%k
%l
%m
@book{maroco2018,
  title={An{\'a}lise Estat{\'i}stica com o SPSS Statistics},
  author={Mar{\^o}co, Jo{\~a}o},
  edition={7},
  year={2018}
}

@article{marti2014,
  title={The importance of the Logistics Performance Index in international trade},
  author={Mart{\'i}, Luis and Puertas, Rodolfo and Garc{\'i}a, Luis},
  journal={Applied Economics},
  volume={46},
  number={24},
  pages={2982--2992},
  year={2014}
}

@article{mckeown1998independent,
  title={Independent component analysis of fMRI data: examining the assumptions},
  author={McKeown, Martin J and Sejnowski, Terrence J},
  journal={Human Brain Mapping},
  volume={6},
  number={5-6},
  pages={368--372},
  year={1998},
  publisher={Wiley}
}
@article{monahan2000nonlinear,
  title={Nonlinear principal component analysis by neural networks: Theory and application to the Lorenz system},
  author={Monahan, Adam H},
  journal={Journal of Climate},
  volume={13},
  number={4},
  pages={821--835},
  year={2000}
}
%n
%o
%p

@book{pestana2008,
  title={An{\'a}lise de dados para ci{\^e}ncias sociais: a complementaridade do SPSS},
  author={Pestana, Miguel H. and Gageiro, Jo{\~a}o N.},
  publisher={S{\'i}labo},
  address={Lisboa},
  year={2008}
}

@article{polat2023,
  title={Competitiveness based logistics performance index: An empirical analysis in Organisation for Economic Co-operation and Development countries},
  author={Polat, Mustafa and Kara, Kemal and Acar, Aziz Z.},
  journal={Competition and Regulation in Network Industries},
  volume={24},
  number={2-3},
  pages={97--119},
  year={2023}
}
%q
%r
@article{ranalli2017model,
  title={A model-based approach to simultaneous clustering and dimensional reduction of ordinal data},
  author={Ranalli, Monia and Rocci, Roberto},
  journal={psychometrika},
  volume={82},
  pages={1007--1034},
  year={2017},
  publisher={Springer}
}
@article{rezaei2018,
  title={Measuring the relative importance of the logistics performance index indicators using Best Worst Method},
  author={Rezaei, Jafar and van Roekel, Wouter S. and Tavasszy, Lorant},
  journal={Transport Policy},
  volume={68},
  pages={158--169},
  year={2018}
}
%s
@article{sharif2024,
  title={Leveraging Technology for Sustainable Logistics: Logistics Performance Index in Inland Ports with Eco Strategy and Sustainable Practices},
  author={Sharif, Muhammad and Yiaw, Bo and Ismail, Anuar and Khand, Umi and Hassan, Ghassan and Shahrn, Ahmed},
  journal={International Journal of Intelligent Systems and Applications in Engineering},
  volume={12},
  number={1},
  pages={666--675},
  year={2024}
}

@article{shepherd2023,
  title={Extending and understanding: an application of machine learning to the World Bank’s logistics performance index},
  author={Shepherd, Ben and Sriklay, Thanachart},
  journal={International Journal of Physical Distribution \& Logistics Management},
  volume={53},
  number={9},
  pages={985--1014},
  year={2023}
}

@article{shlens2014tutorial,
  title={A tutorial on principal component analysis},
  author={Shlens, Jonathon},
  journal={arXiv preprint arXiv:1404.1100},
  year={2014}
}

%t

@article{takane2001constrained,
  title={Constrained principal component analysis: a comprehensive theory},
  author={Takane, Yoshio and Hunter, Michael A},
  journal={Applicable Algebra in Engineering, Communication and Computing},
  volume={12},
  number={5},
  pages={391--419},
  year={2001}
}
%u
@misc{unctad2020,
  title={Review of Maritime Transport 2020},
  author={United Nations Conference on Trade and Development (UNCTAD)},
  year={2020},
  howpublished={\url{https://unctad.org/webflyer/review-maritime-transport-2020}}
}
%v
%w
@article{wang2003feature,
  title={Feature extraction and dimensionality reduction algorithms and their applications in vowel recognition},
  author={Wang, Xue and Paliwal, Kuldip K},
  journal={Pattern Recognition},
  volume={36},
  number={10},
  pages={2429--2439},
  year={2003},
  publisher={Elsevier}
}

@article{watkins2018,
  title={Exploratory factor analysis: A guide to best practice},
  author={Watkins, Michael W.},
  journal={Journal of Black Psychology},
  volume={44},
  number={3},
  pages={219--246},
  year={2018}
}

@techreport{WBreport2018,
    author = {Arvis,~J. and Ojala, L. and Wiederer, C. and Shepherd, B. and Rajand, A. and Dairabayeva, K. and Kiiski, T.},
    title = {Connecting to Compete 2018: Trade Logistics in the Global Economy – The Logistics Performance Index and Its Indicators},
    institution = {Washington, DC: World Bank Group},
    year = {2018}
}

@techreport{WBreport2016,
    author = {Arvis, J. and D. Saslavsky and L. Ojala and B. Shepherd and C. Busch and A. Raj and T. Naula},
    title = {Connecting to Compete 2016: Trade Logistics in the Global Economy – The Logistics Performance Index and Its Indicators},
    institution = {Washington, DC: World Bank Group},
    year = {2016}
}

@misc{wef2020,
  title={The Global Competitiveness Report 2020},
  author={World Economic Forum},
  year={2020},
  howpublished={\url{https://www3.weforum.org/docs/WEF_TheGlobalCompetitivenessReport2020.pdf}}
}

@misc{wef2018,
  title={The Global Enabling Trade Report 2018},
  author={World Economic Forum},
  year={2018},
  howpublished={\url{https://www.weforum.org/reports/the-global-enabling-trade-report-2018}}
}

@article{wold1987principal,
  title={Principal component analysis},
  author={Wold, Svante and Esbensen, Kim and Geladi, Paul},
  journal={Chemometrics and Intelligent Laboratory Systems},
  volume={2},
  number={1-3},
  pages={37--52},
  year={1987},
  publisher={Elsevier}
}

@misc{worldbank2024,
  author = "{World Bank}",
  title = {Logistics Performance Index Homepage},
  howpublished = {\url{https://lpi.worldbank.org/international/global}},
  note = {Accessed: 2024-01-30},
  year = {2024}
}

@misc{worldbank4,
  title={International LPI Global Ranking},
  author={World Bank},
  howpublished={\url{http://lpi.worldbank.org/international/global/ranking}},
  year={2023}
}

@misc{worldbank5,
  title={About | Logistics Performance Index},
  author={World Bank},
  howpublished={\url{http://lpi.worldbank.org/about}}
}

@article{wu2007feature,
  title={Feature extraction via KPCA for classification of gait patterns},
  author={Wu, Jin and Wang, Jianhui and Liu, Li},
  journal={Human Movement Science},
  volume={26},
  number={2},
  pages={393--411},
  year={2007},
  publisher={Elsevier}
}

%x
%y
%z

%Software
@misc{JASP,
    title = {JASP Homepage - A Fresh Way to Do Statistics},
    year = {\url{https://jasp-stats.org/}, last accessed 2024-01-30}
}

@misc{R,
    title = {The R Project for Statistical Computing},
    year = {\url{https://www.r-project.org/}, last accessed 2024-04-24}
}

